<record><leader>00000cas a22000007a 4500</leader><controlfield tag="001">19099798</controlfield><controlfield tag="008">890203d187u187upauwr ne      0    0eng d</controlfield><datafield ind1=" " ind2=" " tag="010"><subfield code="a">sn 89077042 </subfield></datafield><datafield ind1=" " ind2=" " tag="040"><subfield code="a">NPH</subfield><subfield code="b">eng</subfield><subfield code="c">NPH</subfield><subfield code="d">OCLCQ</subfield></datafield><datafield ind1=" " ind2=" " tag="042"><subfield code="a">msc</subfield></datafield><datafield ind1="0" ind2="4" tag="245"><subfield code="a">The Union City record.</subfield></datafield><datafield ind1=" " ind2=" " tag="260"><subfield code="a">Union City, Pa. :</subfield><subfield code="b">Pratt &amp; Fenno</subfield></datafield><datafield ind1=" " ind2=" " tag="300"><subfield code="a">v.</subfield></datafield><datafield ind1=" " ind2=" " tag="310"><subfield code="a">Weekly</subfield></datafield><datafield ind1=" " ind2=" " tag="588"><subfield code="a">Description based on: Vol. 1, no. 34 (June 20, 1879).</subfield></datafield><datafield ind1=" " ind2=" " tag="752"><subfield code="a">United States</subfield><subfield code="b">Pennsylvania</subfield><subfield code="c">Erie</subfield><subfield code="d">Union City.</subfield></datafield><datafield ind1="0" ind2="4" tag="785"><subfield code="t">Union City times (Union City, Pa. : 1878)</subfield><subfield code="w">(DLC)sn 89077043</subfield></datafield></record>